@inproceedings{servo,
 author = {Anderson, Brian and Bergstrom, Lars and Goregaokar, Manish and Matthews, Josh and McAllister, Keegan and Moffitt, Jack and Sapin, Simon},
 title = {Engineering the Servo Web Browser Engine Using Rust},
 booktitle = {Proceedings of the 38th International Conference on Software Engineering Companion},
 series = {ICSE '16},
 year = {2016},
 isbn = {978-1-4503-4205-6},
 location = {Austin, Texas},
 pages = {81--89},
 numpages = {9},
 doi = {10.1145/2889160.2889229},
 acmid = {2889229},
 publisher = {ACM},
 address = {New York, NY, USA},
 keywords = {Rust, browser engine, concurrency, parallelism, servo},
} 

